<?xml version="1.0" encoding="UTF-8"?><collection xmlns="http://www.loc.gov/MARC21/slim"><record><leader>00354nam--2200133-i-4500</leader><controlfield tag="001">000004104</controlfield><controlfield tag="002">20161230</controlfield><controlfield tag="005">20161230201025</controlfield><controlfield tag="008">060222s1000------------r-----000-0-eng-d</controlfield><datafield ind1=" " ind2=" " tag="080"><subfield code="a">669.14.018.25</subfield></datafield><datafield ind1=" " ind2=" " tag="100"><subfield code="a">Ahmineev, G.I. Si Kuruklis, G.L</subfield></datafield><datafield ind1=" " ind2=" " tag="245"><subfield code="a">Calirea in electrolit a otelurilor de scule</subfield></datafield><datafield ind1=" " ind2=" " tag="260"><subfield code="a">Bucuresti, I.D.T., 1952. 20 P</subfield></datafield><datafield ind1=" " ind2=" " tag="852"><subfield code="a">3855</subfield></datafield></record></collection>